@book{dunford1958linear,
  title={Linear operators part I: general theory},
  author={Dunford, Nelson and Schwartz, Jacob T},
  volume={243},
  year={1958},
  publisher={Interscience publishers New York}
}

@article{dunford1965linear,
  title={Linear operators. Part II. Spectral theory},
  author={Dunford, Nelson and Schwartz, Jacob T},
  journal={Bull. Amer. Math. Soc},
  volume={2},
  number={9904},
  pages={11348--9},
  year={1965}
}

@book{grothendieck1973topological,
  title={Topological vector spaces},
  author={Grothendieck, Alexandre},
  year={1973},
  publisher={Taylor \& Francis}
}
